1985 3280
328 216 419 249 Acta
445 214 637 249 Societatis
665 224 728 255 pro
756 213 881 246 Fauna
907 214 941 245 et
969 212 1073 245 Flora
1101 210 1269 244 Fennica.
1299 210 1391 251 XIII,
1424 220 1484 243 n:o
1511 210 1544 243 7.
1678 209 1744 242 125

262 334 531 375 anfractibus
565 332 783 374 annulatis
826 331 956 372 dorso
990 330 1195 371 cristatis*
1246 329 1350 382 (Lin.
1385 329 1410 368 l.
1445 331 1511 379 c‚),
1547 327 1744 369 solidula.

260 417 430 452 cornea,
477 404 730 445 tenuissime
778 402 929 443 striata
978 406 1020 441 et
1067 400 1260 442 obsolete
1293 399 1518 447 costulata,
1555 399 1746 450 margine

261 476 416 517 obtuso
450 475 583 516 laevis.
648 475 736 514 Lat..
772 474 887 513 3—4
920 485 1021 512 mm.

262 558 522 600 Desa-ibam
571 557 724 599 eadem
763 568 814 596 ac
846 555 1114 603 imbricatus,
1151 553 1227 594 sed
1262 553 1397 593 multo
1432 553 1592 604 saepius
1626 564 1748 592 occu-

123 631 187 679 rit,
222 634 367 670 tamen
399 629 528 669 etiam
564 633 609 668 ut
641 628 713 668 ille
747 627 945 679 sparsim.

452 713 474 723 „v

453 723 480 744 t.
531 709 710 752 Hippeutis
744 711 871 752 Ayass.
927 709 965 743 T.
1002 719 1120 752 parva
1153 707 1231 749 (lat.
1260 708 1354 741 3—6
1380 708 1486 745 mm),
1515 705 1747 747 lenticulare‘s,

533 770 728 813 [infractus
765 770 872 809 3—4,
912 767 1188 811 &pressissime
1230 766 1380 800 ultimus
1419 764 1515 807 forte
1540 765 1746 810 ampliatus,

533 830 705 872 apertura
743 827 920 870 depressa,
965 826 1208 867 horizontalz's,
1252 825 1478 865 subcordata,
1522 824 1748 868 maryz‘nibus·

525 887 670 931 pariete
694 887 858 921 intrante
884 885 1089 929 disjunctis.

124 958 176 1002 ΡΙ.
210 957 401 1001 fontanus
435 958 586 1010 Lightf.
622 957 745 1007 (Phil.
780 957 944 1005 Trans,
980 954 1106 1004 1786,
1142 955 1296 1006 Helix).
1361 954 1406 994 T.
1442 954 1646 995 umbilico
1677 967 1748 995 an-

262 1034 400 1082 gusto,
435 1028 628 1081 centrali,
669 1027 882 1076 circulari,
919 1026 1149 1079 profundo,
1193 1026 1415 1066 anfractus
1450 1038 1604 1077 parum
1638 1038 1746 1077 prae-

261 1101 406 1150 bente;
457 1104 660 1152 apertura
708 1098 966 1151 perobliqua
1015 1097 1227 1152 (margine
1261 1097 1475 1138 exteriore
1508 1097 1746 1137 fortissime

259 1171 489 1212 rotundate
537 1171 762 1223 producto,
808 1169 1078 1210 columellari
1118 1168 1260 1209 medio
1295 1173 1425 1212 recto,
1460 1167 1746 1221 horizontali),

260 1246 440 1294 anguste
473 1247 738 1294 extenseque
771 1241 963 1289 cordata,
1009 1240 1174 1292 pariete
1206 1239 1333 1280 valde
1366 1239 1553 1279 intrante
1586 1240 1744 1286 excisa,

261 1318 384 1354 extus
432 1313 655 1365 angulata3
705 1312 813 1352 anfr.
863 1309 1050 1362 4—41,‘-2,
1094 1311 1260 1362 priores
1288 1310 1401 1351 lente
1434 1313 1746 1359 accrescentes,

261 1384 438 1425 ultimus
472 1388 597 1425 extus
630 1384 832 1436 utrinque
866 1381 1176 1435 sub-aequaliter
1215 1393 1506 1434 compressus,
1541 1380 1631 1421 fere
1665 1392 1748 1421 me-

261 1455 331 1496 dio
365 1455 607 1507 angulatus.
673 1454 715 1494 L.
750 1454 865 1494 4—-6
898 1466 999 1493 mm.

261 1538 387 1581 Hah.
423 1538 569 1581 Szcecz‘a
603 1537 900 1578 meridionalis
935 1540 975 1577 et
1009 1535 1152 1577 media
1193 1535 1348 1576 saltem
1380 1536 1424 1575 in
1457 1547 1577 1587 prov,
1611 1534 1749 1575 West-

124 1609 342 1650 manland.
393 1634 448 1638 —
488 1609 621 1651 Nom.
672 1608 725 1649 ad
772 1607 917 1657 Skien,
966 1607 1170 1671 Arepdal,
1220 1606 1349 1647 Moss.
1393 1631 1445 1634 —
1478 1606 1630 1647 Dama
1660 1609 1750 1646 tota

125 1681 300 1732 passim.
335 1705 390 1709 —-
422 1680 594 1722 Fannia
626 1679 678 1720 ad
714 1678 931 1731 Emkarby
964 1679 1008 1718 in
1041 1673 1182 1719 Aland
1215 1677 1336 1731 (Mus.
1367 1676 1603 1730 Helsingf.).

335 1761 424 1796 Var.
451 1763 618 1807 cuphoeus
643 1761 791 1806 Bourg.
820 1759 1017 1801 [Malakol.
1049 1758 1195 1805 Alger„
1223 1759 1346 1802 1864)1
1373 1762 1401 1793 t.
1429 1760 1535 1803 spira
1561 1762 1601 1792 et
1626 1757 1750 1791 umbi-

405 1821 481 1855 lico
509 1820 821 1866 angustioribus,
848 1818 945 1854 anfr.
971 1819 1113 1852 ultimo
1141 1829 1261 1864 supra
1281 1817 1677 1863 depresso-convexo,
1701 1816 1751 1850 ad

408 1879 522 1914 basin
559 1879 760 1925 angulato,
799 1878 903 1913 infra
940 1878 1022 1912 fere
1061 1877 1191 1923 plano.
1219 1898 1262 1902 —-
1290 1876 1431 1911 Suecia
1463 1876 1513 1910 ad
1539 1875 1749 1922 Ronneby.

408 1959 451 1963 —
477 1938 607 1973 Dania
631 1941 672 1972 in
699 1937 883 1984 Sjaelland
911 1937 960 1972 ad
986 1936 1288 1982 Holsteinborg.

269 2011 349 2047 Obs.
398 2010 514 2045 Nullo
552 2009 670 2044 modo
699 2009 848 2048 dubito,
884 2011 977 2054 quin
1004 2010 1118 2044 Helix
1143 2009 1375 2053 complanata
1401 2007 1488 2041 Lin.
1514 2006 1632 2052 (Syst.
1661 2006 1750 2041 Nat.

125 2069 162 2103 X
190 2075 229 2103 et
255 2071 385 2103 Fauna
422 2069 563 2103 Suecia
589 2068 647 2105 ed.
675 2070 708 2108 2)
734 2069 811 2103 huc
845 2067 1053 2102 referenda
1080 2070 1132 2102 sit
1161 2068 1228 2111 (tt.
1261 2078 1386 2113 parva
1411 2065 1633 2109 admodum,
1661 2065 1751 2100 sub-

126 2131 290 2167 cinerea‚
329 2128 614 2174 subdiaphana,
655 2130 805 2171 tenuis.⁴
843 2139 963 2172 supra
1001 2138 1191 2167 convexa,
1231 2126 1373 2161 subtus
1416 2125 1535 2171 plana
1578 2127 1750 2168 omnino,

126 2199 263 2234 margo
297 2190 366 2233 qui
390 2187 591 2222 anfractus
620 2190 754 2234 cingit,
787 2189 952 2232 respicit
977 2187 1082 2221 latus
1108 2186 1266 2232 planius
1303 2197 1333 2220 s.
1360 2185 1536 2227 inferius,
1565 2188 1752 2230 apertura

126 2246 400 2291 semicordata,
429 2249 839 2289 ovato-acuminataa)‚
859 2245 929 2280 sed
954 2245 1095 2280 melius
1115 2245 1163 2279 ad
1181 2246 1415 2279 varietatem
1434 2246 1617 2290 euphaeum
1636 2255 1751 2288 quam

126 2305 174 2340 ad
213 2310 362 2352 typum,
390 2305 565 2351 adeoque
592 2317 737 2340 nomen
764 2305 985 2352 L'ightforti
1011 2304 1210 2350 adoptavi.
1261 2304 1458 2338 Auctores
1486 2307 1580 2338 sunt
1605 2302 1750 2348 plures,

127 2367 193 2409 qui
218 2367 259 2398 in
285 2365 358 2399 hac
384 2367 515 2410 specie
541 2377 727 2411 magnum
753 2364 909 2398 firmum
940 2366 994 2401 Pl.
1012 2365 1262 2400 umbilicaz‘um
1280 2363 1390 2398 Mtill.
1410 2363 1500 2405 [Hx.
1519 2362 1752 2408 planorbem

127 2424 230 2467 Lin.)
271 2423 467 2459 viderunt.
509 2423 563 2458 Cl.
601 2424 760 2470 Hanley
784 2425 838 2468 (in
865 2424 957 2469 Ipsa
990 2424 1143 2458 Linnaei
1171 2422 1401 2468 Conchylia)
1426 2433 1571 2457 nomen
1597 2422 1754 2455 Linnaei

127 2485 300 2525 vexavit,
341 2482 446 2528 quod
483 2485 524 2517 in
563 2483 800 2517 collectione
835 2483 986 2516 Linnaei
1023 2485 1178 2528 species
1218 2482 1352 2527 plures
1391 2481 1464 2516 sub
1491 2481 1566 2515 hoc
1592 2483 1754 2515 nomine

128 2546 379 2588 congregatze
405 2546 510 2576 sunt.
551 2541 654 2583 Qvid
679 2541 796 2575 inde?
823 2541 886 2576 Sic
913 2544 954 2576 in
983 2543 1088 2576 omni
1115 2541 1363 2583 collectione,
1391 2545 1430 2575 et
1456 2540 1638 2574 mirabile
1657 2551 1752 2574 sane

127 2606 234 2635 esset
268 2603 303 2636 si
339 2612 418 2635 non
456 2603 497 2634 in
529 2600 607 2645 illa,
635 2605 726 2646 post
753 2600 990 2635 discremina
1025 2611 1112 2646 quae
1139 2600 1291 2635 habuit.
1342 2600 1637 2645 Experientiam
1665 2610 1754 2633 ean-

127 2659 215 2694 dem
241 2662 410 2695 amiciss.
436 2659 592 2694 Loeard
619 2660 767 2705 pluries
794 2662 835 2693 in
862 2660 1098 2694 collectione
1126 2659 1400 2705 Draparnaudi
1427 2662 1468 2693 in
1496 2659 1612 2693 Wien
1631 2669 1753 2692 asser-

127 2723 230 2758 vata,
272 2718 319 2753 de
358 2731 434 2764 qua
467 2721 692 2765 nuperrime
733 2721 790 2762 (in
815 2718 910 2764 Ipsa
944 2718 1222 2764 Draparnaudi
1251 2718 1480 2764 Conchylia,
1508 2718 1621 2752 Paris
1649 2717 1751 2757 1895)

127 2790 272 2824 magna
299 2778 523 2812 eruditione
549 2780 749 2819 tractavit,
776 2777 883 2812 fecit.
933 2777 1051 2824 Ergo,
1079 2777 1126 2813 de
1154 2777 1364 2823 speciebus
1391 2777 1522 2811 dubiis
1548 2788 1628 2811 11011
1660 2786 1752 2820 prae-

129 2839 241 2882 cipue
269 2849 289 2872 e
316 2837 618 2872 collectionibus
645 2841 852 2871 auctorum
878 2836 1041 2879 relictis,
1067 2849 1117 2871 ne
1144 2837 1303 2882 quidem
1330 2849 1350 2872 e
1381 2835 1663 2882 speciminibus
1688 2846 1752 2868 au-

127 2896 316 2931 thenticis
352 2908 371 2931 e
410 2899 533 2931 vai-ils
572 2896 829 2942 temporibus,
869 2895 939 2932 sed
975 2907 995 2931 e
1036 2896 1464 2942 descriptionibus
1503 2906 1640 2930 eorum
1667 2897 1707 2928 et
1734 2904 1754 2927 e
