1985 3280
344 177 435 210 Acta
462 174 656 210 Societatis
684 185 748 217 pro
777 174 902 207 Fauna
929 175 964 207 et
991 173 1096 206 Flora
1122 172 1292 214 Fennica,
1319 173 1411 213 XIII,
1439 183 1499 206 nzo
1525 173 1557 207 7.
1718 173 1761 205 27

281 295 453 343 strictis,
502 293 680 346 clypeus
729 292 848 344 niger
897 291 1105 339 unicolor,
1146 291 1278 331 crista
1317 290 1553 341 pervalida,
1600 290 1758 337 albida,

280 365 401 406 solea
449 364 571 416 pedis
612 363 862 404 bicolorata.
900 362 1030 413 Long.
1069 360 1311 410 150—180,
1346 361 1416 401 lat.
1454 360 1626 401 16—20
1659 374 1759 401 mm.

277 436 335 486 (L.
368 434 679 486 cinereo-niger
711 432 875 486 Wolf.)

277 517 396 560 Hah.
462 517 612 559 Suecia
660 516 811 558 merid.
861 515 999 567 <locus
1043 514 1146 566 orig.
1188 513 1242 553 ad
1292 513 1561 564 Bjornhofda
1610 512 1759 553 Oelan-

136 587 232 641 diae)
266 593 307 629 et
340 587 494 636 media,
542 587 695 627 saltem
738 597 876 638 usque
910 586 952 625 in
986 583 1246 635 Herjedalen
1280 583 1632 637 (Funnasdalen),
1668 595 1762 634 pas-

138 660 219 699 sim
252 658 453 710 vulgaris.
487 682 540 686 -—
574 657 786 711 Norveyz'a
826 655 1134 696 meridionalis.
1171 679 1224 683 —
1257 654 1407 696 Dcmia
1444 658 1548 705 iota,
1582 653 1758 705 passim.

139 754 190 757 —
223 729 399 770 Femzz'a
444 727 755 775 meridionalis,
805 726 1028 767 orientalis
1069 725 1318 778 (Impilahti')
1357 728 1397 765 et
1431 724 1586 773 media,
1622 736 1761 776 usque

136 799 189 840 ad
223 799 339 839 Vasa
372 802 413 838 et
447 797 624 846 Kaiana,
661 797 863 849 vulgaris.

275 903 501 939 Mutationes
521 903 731 947 principes:

343 975 457 1018 niger,
484 972 676 1010 unicolor,
707 973 841 1005 carina
866 972 981 1016 nigra
1007 982 1043 1004 v.
1064 969 1204 1009 albida,
1226 970 1336 1004 solea
1355 969 1584 1005 bicolorata.
1601 990 1643 993 —
1664 969 1759 1003 Pas-

417 1034 491 1066 sim
518 1030 767 1075 frequentior
793 1041 909 1074 quam
936 1033 1068 1074 typus.

342 1104 443 1139 albus
480 1101 630 1136 Paasch
673 1100 808 1145 (Arch.
841 1100 865 1134 f.
892 1100 981 1134 Nass.
1010 1099 1111 1141 Ges„
1140 1100 1259 1143 1843),
1287 1099 1479 1135 unicolor.
1509 1119 1549 1123 —
1579 1099 1691 1133 Suec.
1718 1101 1757 1132 in

414 1161 622 1195 Bohuslan
649 1164 689 1194 et
716 1158 1056 1204 Westergobland.

340 1234 524 1278 fasciatus
550 1242 695 1276 corpus
723 1233 935 1272 cinereum,
962 1229 1096 1264 fasciis
1124 1231 1144 1263 2
1171 1229 1274 1272 latis,
1295 1231 1432 1274 nigris,
1454 1228 1674 1269 undulosis‚
1697 1240 1758 1263 so-

411 1291 473 1325 lea
499 1291 733 1325 bicolorata.
762 1310 801 1314 —
832 1289 943 1323 Suec.
971 1291 1011 1322 in
1038 1289 1231 1334 Blekinge
1258 1288 1497 1333 <R0nneby).
1514 1289 1690 1322 -Norxn
1710 1287 1759 1321 ad

412 1350 602 1384 Laurvik.

340 1423 545 1466 flavescens,
573 1420 765 1454 unicolor.
795 1439 834 1443 —
865 1418 976 1453 Suec.
1004 1420 1153 1463 passim
1180 1428 1304 1452 rarus.

337 1482 505 1525 flavadus,
545 1479 708 1525 clypeus
747 1482 858 1512 totus
899 1482 984 1512 ater
1009 1477 1191 1511 unicolor
1224 1476 1482 1522 (marginibus
1518 1475 1675 1510 flavidis
1702 1478 1758 1509 ni-

409 1539 717 1585 gromaculatis),
736 1539 890 1582 postice
915 1537 996 1571 late
1024 1536 1276 1575 rotundatus,
1297 1538 1440 1576 (antice
1460 1536 1757 1580 emarginatus),

412 1609 557 1642 corpus
596 1596 800 1638 flavidum,
840 1607 1010 1641 superne
1051 1595 1188 1630 fasciis
1217 1595 1238 1628 4
1266 1596 1375 1637 alaris,
1416 1594 1607 1629 lateribus
1640 1604 1757 1639 parce

408 1656 747 1698 fuscomaculatis,
788 1655 898 1689 solea
935 1654 1065 1688 medio
1106 1654 1205 1697 alba,
1244 1653 1436 1688 lateribus
1476 1653 1759 1687 brunnescenti

408 1715 550 1750 albida.
578 1736 620 1739 „-
649 1715 761 1749 Suec.
788 1716 828 1748 in
856 1712 1170 1748 Sodermanland
1198 1712 1263 1756 (ad
1292 1713 1464 1758 Dalbyo':
1493 1712 1535 1746 E.
1562 1712 1638 1755 N.).

338 1776 682 1811 cinereo-nebulosus
720 1773 840 1807 Malm
873 1772 1031 1815 (Goteb.
1059 1772 1145 1807 Vet.
1174 1771 1303 1806 Samh.
1331 1771 1487 1810 Handl.,
1517 1771 1636 1814 1858),
1664 1771 1757 1805 albi-

411 1844 516 1874 cans,
553 1832 693 1878 clypeo
731 1831 891 1873 fiavido7
920 1843 1085 1876 corpore
1114 1833 1267 1876 postice
1295 1830 1506 1871 maculato,
1534 1830 1644 1864 solea
1669 1833 1758 1864 tota

411 1891 553 1926 albida.
582 1912 623 1915 —
652 1891 764 1925 Suec.
791 1893 833 1924 in
860 1890 1076 1924 Bohusl'an.
1105 1910 1147 1914 —
1176 1890 1297 1923 Norv.
1328 1892 1369 1923 in
1395 1889 1534 1923 Asker.

341 1953 518 1988 calosoma
543 1950 665 1985 Eisen
692 1950 720 1983 ἅ
747 1949 887 1984 Stuxb.
912 1942 1080 1993 (Ofvers.
1109 1951 1156 1982 K.
1184 1948 1270 1983 Vet.
1298 1949 1370 1982 Ak.
1393 1948 1521 1987 Forh„
1544 1948 1656 1989 1868),
1680 1947 1759 1992 cly-

414 2021 489 2054 peo
529 2014 628 2051 atro,
657 2012 790 2043 carina
823 2008 932 2042 dorsi
964 2008 1289 2051 fusco—olivacea‚
1327 2007 1519 2042 lateribus
1546 2005 1758 2052 pallidiori-

413 2069 500 2113 bus,
527 2069 694 2103 maculis
723 2068 907 2113 oblongis
935 2067 1126 2102 olivaceis
1154 2068 1391 2112 conspersis,
1420 2066 1529 2101 solea
1556 2065 1686 2100 medio
1706 2064 1758 2099 al-

414 2127 518 2169 bida,
552 2127 744 2162 lateribus
773 2129 953 2161 cinei-eis.
980 2147 1023 2150 —
1052 2125 1164 2160 Suec.
1199 2128 1238 2159 in
1267 2125 1420 2160 Grotska
1447 2124 1607 2159 Sandon
1634 2135 1757 2169 prope

414 2186 463 2221 ad
491 2186 674 2221 Goffland.

341 2249 564 2291 leucoyczster
602 2245 742 2279 Mo'rch
779 2244 889 2290 (Syn.
928 2244 1036 2278 Mon.
1076 2244 1174 2278 Dan.
1203 2244 1322 2286 1864),
1348 2243 1552 2278 brunneus
1578 2255 1615 2278 v.
1641 2244 1760 2288 nigri-

409 2316 514 2348 cans,
551 2304 742 2339 fasciatus
770 2303 917 2345 (fasciae
944 2302 1144 2337 interdum
1171 2303 1336 2337 maculis
1364 2302 1506 2337 albidis
1534 2302 1758 2348 suppletae),

407 2363 517 2398 solea
555 2363 646 2397 alba
678 2362 876 2397 unicolor.
903 2383 947 2388 -—·
975 2362 1087 2399 Suec.
1122 2365 1162 2396 in
1191 2361 1366 2396 Gotland
1398 2361 1460 2405 (ad
1486 2361 1582 2406 Ahr)
1608 2366 1648 2396 et
1672 2362 1759 2396 Ble-

410 2423 529 2468 kinge
558 2422 623 2466 (ad
650 2422 851 2467 Ronneby
878 2423 1042 2465 rariss)
1071 2441 1112 2445 —
1141 2421 1264 2455 Norv.
1291 2420 1340 2455 ad
1365 2420 1485 2455 Skien
1512 2424 1551 2455 et
1569 2421 1757 2456 Laurvik.

412 2502 451 2505 —
482 2481 580 2516 Dan.
607 2483 648 2515 in
675 2481 905 2515 Bornholm.

338 2552 426 2587 Var.
454 2555 616 2589 cinereus
642 2552 775 2586 Lister
802 2551 924 2595 (Hist.
951 2553 1067 2585 anim.
1095 2551 1211 2596 angL,
1240 2551 1365 2594 1678):
1385 2550 1588 2585 tentacula
1605 2553 1756 2584 minute

408 2612 635 2657 granulosa,
676 2610 839 2656 clypeus
885 2610 1172 2646 albocinereus,
1212 2609 1562 2655 nigromaculatus,
1602 2612 1755 2655 postice

408 2670 621 2705 rotundate
658 2669 889 2715 productus,
917 2681 1062 2714 corpus
1089 2669 1394 2711 albocinereum‚
1422 2671 1598 2704 seriatim
1624 2671 1756 2714 nigro-

407 2729 652 2763 maculatum
699 2741 734 2764 v.
775 2727 1138 2773 quadrifasciatum,
1178 2731 1288 2774 rugis
1328 2730 1522 2774 angustis,
1561 2727 1670 2762 solea
1707 2728 1759 2761 al-

409 2788 512 2830 bida,
541 2789 740 2832 unicolor;
768 2789 876 2834 long.
912 2789 1097 2822 125—140
1123 2799 1213 2822 mm.
1241 2808 1281 2812 —
1311 2787 1423 2822 Suec.
1450 2787 1499 2822 ad
1526 2786 1757 2821 Stockholm

409 2852 449 2882 et
488 2847 696 2883 Ulriksdal
735 2847 796 2892 (V.
834 2848 906 2890 L.).
935 2867 975 2871 —-
1004 2847 1126 2883 Norv.
1160 2846 1209 2881 ad
1236 2848 1408 2882 Laurvik
1436 2852 1475 2881 et
1501 2845 1684 2880 Arendal.
1713 2865 1756 2869 ——
