1985 3280
122 743 253 843 Cum
288 795 422 836 fauna
455 793 730 846 palaearctica
770 794 1081 836 molluscorum
1126 798 1519 839 extramarinorum
1552 799 1618 839 his
1652 812 1744 851 pro-

119 866 247 906 ximis
295 865 421 906 annis
469 863 599 905 modo
642 864 791 904 critica
830 869 1092 916 pertractata
1126 867 1179 907 sit
1213 872 1342 920 atque
1375 870 1505 909 etiam
1539 882 1564 910 a
1597 869 1743 910 multis

119 936 314 989 partibus
349 948 528 988 prorsus
561 938 781 984 renovata,
819 935 934 988 quod
969 940 1010 976 et
1043 950 1243 989 quaenam
1277 939 1387 979 ratio
1414 940 1526 980 inter
1550 940 1742 992 singulas

119 1007 287 1059 species
320 1007 415 1057 ejus
447 1005 616 1046 intersit
649 1017 763 1046 nova
795 1005 891 1046 luce
924 1006 1187 1047 illustratum
1211 1009 1557 1062 certioribusque
1580 1011 1742 1062 experi-

119 1078 274 1119 mentis
308 1077 580 1129 exploratum
614 1080 679 1116 est
712 1081 764 1124 et,
789 1076 832 1116 id
857 1077 973 1129 quod
998 1077 1052 1117 ad
1077 1079 1426 1120 retractationem
1451 1080 1570 1121 illam
1594 1093 1740 1122 neces-

116 1149 279 1189 sarium
328 1151 405 1197 est,
446 1147 673 1199 diligenter
705 1151 770 1188 est
803 1148 1034 1199 quaesitum
1068 1149 1135 1189 vel
1169 1162 1255 1201 quo
1289 1150 1419 1191 modo
1453 1155 1494 1192 et
1526 1156 1742 1204 quatenus

115 1219 285 1271 singula
331 1230 490 1270 genera
538 1217 646 1258 coelo
694 1230 745 1258 ac
789 1218 998 1270 temperie
1045 1223 1171 1259 terrae
1219 1220 1494 1272 dependeant
1536 1222 1603 1263 vel
1653 1235 1738 1275 quo

116 1290 246 1331 modo
294 1293 335 1330 et
383 1292 599 1342 quatenus
647 1288 702 1329 ob
746 1301 840 1330 eam
882 1290 1022 1342 ipsam
1055 1303 1144 1331 rem
1187 1291 1472 1333 variationem
1506 1293 1738 1344 patiantur,

115 1364 291 1413 propter
337 1360 416 1400 has
458 1372 528 1400 res
573 1363 703 1412 atque
744 1361 873 1401 etiam
908 1365 1085 1412 propter
1118 1374 1319 1413 magnam
1353 1362 1471 1403 illam
1507 1363 1740 1404 multitudi-

114 1444 211 1472 nem
246 1443 456 1471 novarum
492 1430 744 1480 formarum,
781 1444 878 1484 quae
911 1431 977 1472 his
1017 1432 1167 1473 decem
1202 1433 1411 1484 proximis
1445 1434 1571 1474 annis
1610 1435 1739 1475 etiam

113 1503 156 1542 in
206 1501 618 1553 septentrionalibus
663 1503 789 1542 terris
839 1506 940 1542 sunt
978 1503 1176 1552 inventae⁷
1219 1503 1380 1544 factum
1415 1508 1480 1544 est
1513 1508 1558 1544 ut
1591 1505 1741 1545 Fauna

114 1572 424 1613 molluscorum
459 1571 765 1613 Scandinaviae
798 1574 841 1613 in
875 1573 1101 1624 permultis
1135 1575 1228 1625 ejus
1252 1574 1484 1626 generibus
1508 1574 1633 1628 longe
1657 1576 1742 1617 alia

114 1656 228 1683 nunc
261 1647 481 1695 appareat,
517 1647 647 1696 atque
681 1643 829 1685 decem
864 1644 1022 1685 abhinc
1056 1657 1194 1685 annos
1229 1649 1332 1686 erat.

255 1713 360 1764 Quae
408 1713 542 1754 fauna
587 1727 684 1754 cum
731 1718 772 1754 et
819 1715 915 1766 ipsa
957 1728 1048 1765 sua,
1085 1720 1131 1756 ut
1163 1716 1222 1756 ita
1261 1716 1416 1766 dicam,
1452 1720 1667 1757 Vetustate
1700 1721 1741 1757 et

112 1787 327 1824 terrarum
376 1783 794 1824 Scandinavicarum
843 1785 897 1825 ad
947 1785 1125 1826 boream
1174 1787 1257 1826 situ
1298 1787 1351 1827 ad
1392 1791 1527 1827 totam
1561 1787 1739 1828 faunam

116 1854 425 1895 molluscorum
479 1855 829 1896 constituendam
878 1857 1022 1908 magni
1076 1857 1280 1898 momenti
1331 1858 1397 1906 sit,
1447 1870 1541 1898 eam
1591 1858 1740 1899 critico

115 1924 244 1965 modo
277 1925 466 1966 breviter
498 1930 734 1967 retractare
768 1938 912 1978 operae
946 1927 1131 1979 pretium
1166 1939 1262 1969 esse
1297 1928 1456 1980 putavi.
