1985 3280
161 169 182 201 8
258 169 292 202 O.
319 168 362 202 A.
398 165 636 202 Westerlufnd,
666 163 847 208 synopsis
874 163 1135 197 Molluscorum
1163 163 1446 199 Extramarinor.
1475 165 1698 201 Scandinav.

167 282 406 326 197—205.
471 283 589 324 Idem
623 282 752 323 etiam
787 281 1061 322 distribuavit
1107 281 1460 335 »Typsammling
1492 283 1559 324 for
1593 283 1789 326 Svenska

163 355 359 396 sniickor.
371 371 386 391 »

304 425 476 466 Primus
499 424 675 478 Pupam
697 436 960 475 avemwecmz,
991 423 1317 476 cylindraceam,
1342 424 1584 466 edentulam
1608 428 1648 465 et
1672 425 1787 468 Sacc.

161 498 376 552 oblongsam
410 499 525 536 recte
559 495 603 535 in
637 493 795 535 Suecia
828 493 1036 534 distinxit.

376 589 475 632 Carl
507 589 679 632 Hemik
709 588 942 631 Bolzemcm.

373 672 462 706 Nat.
491 670 549 717 10s‘7
579 670 670 705 1796
697 672 738 704 in
764 669 1010 716 Jonkoping‚
1039 673 1189 715 apatre
1209 669 1259 704 ad
1278 674 1539 705 mercatorem
1558 669 1793 711 destinatus,

304 735 445 777 postea
470 732 555 776 ipse
582 732 679 765 vitae
708 740 835 775 genus
863 731 1046 773 mutavit,
1068 730 1172 774 juris
1200 729 1302 764 stud.
1329 731 1370 763 in
1396 729 1513 764 Lund
1542 730 1643 773 1812,
1662 734 1794 764 tamen

306 791 395 825 1813
423 789 503 823 dux
529 789 713 823 militaris
748 788 916 823 inferior
943 792 983 823 et
1011 788 1099 823 1814
1137 790 1338 834 particeps
1365 790 1406 822 in
1435 788 1690 834 expeditione
1718 789 1795 823 bel-

305 851 379 884 lica
414 848 463 883 ad
501 849 758 894 Norvegiam,
796 849 974 883 centurio
1017 849 1125 891 18373
1151 849 1193 882 in
1221 847 1404 882 omnibus
1430 848 1494 883 his
1522 850 1636 883 annis
1664 848 1797 883 studia

300 912 547 944 insectorum
585 907 726 942 ardore
764 907 897 949 coluit,
924 909 1058 952 itaque
1086 907 1176 941 1841
1210 906 1481 952 professorem
1507 907 1791 954 entomologiae

303 968 352 1003 ad
390 967 491 1002 Mus.
531 967 629 1013 Reg.
668 966 790 1001 Acad.
831 966 977 1001 Scient.
1016 969 1057 1000 in
1098 965 1332 1000 Stockholm
1377 969 1623 1001 constitutus
1663 971 1725 1001 est
1756 971 1796 1001 et

303 1030 452 1073 scripta
491 1027 606 1072 plura
645 1028 806 1073 egregia
837 1028 878 1060 in
905 1028 1076 1060 scientia
1108 1037 1181 1060 sua
1209 1025 1447 1070 elaboravit3
1475 1025 1563 1061 den.
1589 1028 1631 1060 in
1657 1026 1795 1061 Stock—

301 1086 410 1121 holm
435 1085 497 1132 ²711
526 1085 631 1120 1868.

303 1184 359 1188 ——
392 1159 439 1199 In
473 1149 690 1210 Ofversigt
722 1157 766 1198 af
801 1157 847 1198 K.
882 1157 953 1200 Sv.
988 1157 1082 1198 Vet.
1118 1157 1197 1198 Ak.
1233 1157 1359 1198 Forh.
1388 1157 1500 1198 1844
1525 1158 1797 1198 enumeravit

166 1231 325 1271 »Land-
367 1230 449 1271 och
482 1228 963 1278 Sotvattenmollusker,
998 1228 1136 1269 funna
1168 1228 1370 1281 omkring
1403 1228 1640 1280 Qvickjock
1673 1229 1685 1268 i
1720 1228 1795 1269 Lu-

161 1301 228 1343 lea
261 1300 549 1353 Lappmark.»

301 1372 434 1414 Heliae
464 1371 600 1425 harpa
632 1369 717 1423 Say
751 1374 817 1411 est
848 1370 903 1410 ab
937 1382 988 1410 eo
1022 1370 1064 1410 in
1099 1369 1324 1422 Lapponia
1358 1370 1540 1411 detecta.

374 1467 425 1508 L.
460 1466 513 1508 P.
549 1466 743 1508 Hansen.

306 1574 358 1579 ——
392 1550 438 1589 In
472 1541 639 1590 Ofvers.
675 1548 719 1589 af
752 1548 800 1589 K.
836 1547 906 1590 Sv.
943 1548 1036 1589 Vet.
1071 1548 1150 1589 Ak.
1186 1548 1312 1589 Forh.
1352 1547 1463 1589 1845
1497 1562 1536 1601 p.
1562 1548 1793 1589 254—257

162 1621 336 1673 scripsit
373 1619 477 1661 »Om
512 1631 599 1673 nya
631 1619 820 1660 svenska
853 1619 1383 1660 sotvattensmollusker».

304 1717 360 1720 —
392 1691 557 1732 Ibidem
594 1690 705 1731 1848
740 1703 778 1742 p.
815 1689 1068 1732 201—202:
1103 1690 1198 1743 Nya
1231 1690 1421 1731 svenska
1454 1690 1656 1733 snackor.

305 1774 424 1809 Claus.
451 1774 698 1811 ventricosam
737 1773 834 1809 Valv.
863 1776 1138 1808 w'zczcrosz‘omam
1163 1771 1428 1817 (depressam),
1456 1774 1571 1808 Pisid.
1590 1774 1797 1808 lzenslowz‘cz-

161 1845 249 1868 num
289 1835 328 1866 et
358 1833 578 1878 pulchellum
617 1833 769 1876 primus
795 1832 837 1864 in
863 1830 1026 1865 faunam
1052 1834 1232 1866 nostram
1259 1831 1485 1866 introduxit
1510 1835 1556 1865 ut
1583 1833 1701 1865 etiam
1731 1834 1797 1868 Pa-

161 1894 235 1928 lud.
267 1894 464 1927 contectam
501 1892 542 1924 in
582 1889 724 1924 Suecia
762 1892 913 1935 primus
940 1889 1143 1925 indicavit.
1197 1889 1301 1932 Quid
1342 1890 1493 1934 ,‚Anod.
1520 1892 1717 1925 rostrata“
1759 1894 1798 1925 et

165 1950 435 1996 ‚.ponderosa¹¹
465 1951 550 1995 ejus
579 1951 669 1988 sint,
698 1961 803 1983 nunc
832 1953 893 1983 est
920 1952 1128 1995 aegerrime
1150 1949 1346 1994 judicare.

385 2033 573 2075 Willzelm
605 2032 845 2088 Lilljebory.

374 2115 464 2150 Nat.
490 2114 552 2160 6s10
578 2114 670 2148 1816
696 2116 736 2148 in
762 2114 1047 2160 Helsingborg,
1075 2117 1150 2148 civ.
1178 2114 1287 2149 acad.
1315 2117 1355 2148 in
1382 2114 1498 2149 Lund
1526 2115 1628 2156 1834,
1656 2114 1797 2149 doctor

303 2174 398 2220 phil.
427 2174 528 2217 1841,
557 2172 656 2218 prof.
684 2173 784 2208 zool.
813 2173 1011 2207 extraord.
1040 2175 1081 2207 in
1107 2173 1223 2207 Lund
1260 2173 1362 2215 1853,
1390 2173 1490 2219 prof.
1518 2173 1619 2208 zool.
1647 2173 1729 2207 ord.
1756 2176 1796 2207 111

302 2232 455 2278 Upsala
493 2232 737 2270 1854-1882,
777 2231 882 2267 doct.
922 2231 1021 2267 med.
1048 2232 1188 2267 honor.
1219 2232 1327 2275 18773
1355 2232 1566 2267 itineribus
1594 2236 1634 2267 et
1661 2244 1795 2267 excur-

304 2292 485 2327 sionibus
512 2302 582 2336 per
607 2293 733 2326 Vitam
760 2291 922 2337 longam
948 2293 1174 2326 numerosis
1200 2290 1332 2325 faunee
1359 2295 1556 2326 terrarum
1575 2291 1796 2326 borealium

307 2353 456 2396 optime
483 2351 645 2395 peritus,
675 2351 836 2394 scriptis
863 2349 1017 2396 zoolog.
1037 2352 1262 2385 numerosis
1282 2350 1574 2395 celeberrimus,
1595 2354 1795 2397 praecipue

307 2420 425 2454 opere
451 2419 596 2454 magno
632 2408 921 2442 monumentali
949 2408 996 2443 de
1032 2408 1271 2444 animalibus
1304 2409 1548 2444 vertebratis
1576 2409 1728 2445 Sueciae
1757 2415 1796 2444 et

306 2468 518 2513 Norvegiae
546 2467 742 2501 laudatus.

307 2565 362 2569 ——
395 2540 439 2580 In
475 2532 641 2582 Ofvers.
676 2539 721 2580 af
752 2540 801 2581 K.
837 2539 907 2581 Sv.
944 2540 1036 2581 Vet.
1071 2540 1151 2581 Ak.
1187 2541 1316 2583 Forh.
1359 2541 1470 2582 1858
1505 2555 1574 2594 pp.
1613 2542 1665 2583 13
1699 2554 1733 2583 c.
1773 2543 1791 2582 1

165 2611 250 2652 tab.
285 2611 624 2652 communicavit
672 2609 840 2663 »Nagra
872 2611 1325 2664 anmarkningsvarda
1357 2612 1520 2654 former
1553 2612 1598 2653 af
1631 2611 1795 2653 Clausi-

166 2682 223 2723 lia
265 2694 424 2734 rugosa
456 2681 601 2734 Drap,
644 2682 830 2731 Rossm„
865 2682 970 2723 eller
1004 2681 1150 2726 Claus.
1184 2683 1402 2736 nigricans
1436 2683 1534 2724 Mat.
1570 2683 1655 2724 and
1689 2683 1794 2723 Rac-

166 2753 267 2803 kett,
301 2752 464 2793 Forbes
498 2753 582 2793 and
618 2752 798 2805 Hanley,
838 2753 986 2793 hvilka
1018 2753 1135 2794 forut
1176 2754 1255 2795 hos
1290 2766 1362 2794 oss
1396 2753 1490 2795 dels
1523 2753 1618 2794 icke
1653 2753 1792 2793 blifvit

166 2823 392 2864 anmarkte
426 2823 507 2864 och
540 2823 633 2864 dels
666 2823 807 2863 blifvit
840 2822 1093 2864 ffirvexlade
1128 2824 1225 2865 med
1260 2823 1436 2865 andra.»
