1985 3280
166 150 212 183 40
288 150 322 183 C..
349 151 392 184 A.
429 147 667 189 Westerlzmd,
695 145 876 189 Synopsis
904 146 1166 180 Molluscorum
1193 142 1478 177 Extramarinor.
1507 141 1687 176 Scandin.

842 265 954 299 minis
979 265 1161 306 continua,
1189 264 1221 298 si
1248 263 1367 303 adest:
1402 262 1512 297 sudor
1538 262 1656 296 luteus
1684 273 1712 295 r.
1740 273 1799 296 aze-

845 324 1050 358 rantiacus.

169 397 210 440 Α.
245 395 359 441 rufus
408 396 452 438 L.
493 395 621 449 (Syst.
661 394 756 435 Nat.
790 394 840 444 X,
879 393 1004 442 1758,
1038 393 1190 434 Fauna
1231 392 1304 434 Su.
1340 392 1406 433 ed.
1442 391 1494 441 2..
1532 391 1658 439 1761,
1693 390 1799 431 excl.

312 480 419 519 syn..
454 466 632 518 Limax).
698 465 842 517 Supra
874 465 998 505 rufus
1031 478 1070 506 v.
1106 464 1343 513 rufescens,
1379 463 1525 514 dorso,
1550 462 1693 503 medio
1717 462 1801 514 cly-

312 538 381 590 pei
414 542 455 579 et
487 537 736 578 abdominis
775 536 912 584 fusco,
957 535 1160 588 utrinque
1204 547 1292 576 non
1329 547 1368 575 v.
1406 533 1728 575 obsoletissime
1760 538 1802 574 et

313 609 470 649 diffuse
503 608 736 657 fasciatus3
772 607 891 648 dorsi
925 618 1122 659 squamae
1155 609 1363 658 angustae,
1399 605 1579 654 obtusae,
1614 608 1801 645 crenatae

312 693 350 720 v.
382 679 614 732 rugulosae,
653 678 786 719 sulcis
820 677 1052 730 profundis
1080 676 1328 727 disJunctae3
1354 675 1533 728 clypeus
1557 675 1692 716 dense
1714 687 1804 726 gra-

312 751 514 797 nulosus;
537 749 759 790 tentacula
782 749 925 801 nigra;
960 747 1082 788 solea
1114 748 1293 800 integra.
1328 746 1461 799 Long.
1495 745 1671 787 40—70
1704 759 1803 786 mm.

316 846 368 850 ——
404 821 446 862 L.
482 825 575 861 ater
607 832 696 860 var.
730 820 755 862 ὅ
777 819 894 860 Mull.
933 818 1066 859 1874!
1117 819 1161 860 L.
1210 817 1336 858 rufus
1368 817 1498 859 Nilss.
1536 816 1647 857 1882
1681 816 1803 870 (excl.

313 892 496 946 synon),
536 891 586 931 A.
620 890 746 932 rufus
779 890 847 931 W.
884 890 1009 939 1873,
1046 889 1244 941 Prolepis
1278 888 1429 929 fuscus
1452 887 1582 928 Malm
1609 888 1720 928 1868
1745 901 1805 940 pr.

313 977 353 1016 p.
390 963 437 1019 (t.
473 960 499 1003 2
532 963 560 1003 f.
597 961 655 1016 3).

314 1046 436 1088 Hah.
488 1045 638 1088 Szoecia
680 1044 981 1086 meridionalis
1021 1047 1063 1084 et
1096 1042 1241 1083 media
1276 1042 1428 1091 rarior,
1471 1045 1515 1082 at
1547 1041 1632 1082 late
1666 1041 1807 1081 distri-

172 1119 290 1159 buta.
327 1143 381 1146 -—
416 1117 462 1157 In
495 1116 628 1158 Norv.
663 1116 718 1157 ad
751 1115 920 1168 Bergen
953 1119 994 1155 et
1033 1114 1302 1166 Hardanger.
1336 1138 1390 1141 -
1423 1112 1574 1154 Dcmz'cc
1606 1112 1651 1152 in
1682 1112 1808 1153 horto

173 1190 227 1231 ad
276 1187 600 1240 Fredriksberg.
638 1211 691 1215 —
724 1186 900 1229 Femzia
932 1186 975 1226 in
1015 1172 1172 1237 siland,
1205 1185 1249 1224 in
1283 1196 1373 1236 par.
1415 1183 1598 1232 Muurla,
1633 1182 1734 1235 lngo
1768 1188 1809 1224 et

173 1261 228 1302 ad
261 1259 554 1312 Kirjavalaks.

319 1343 399 1377 Obs.
451 1341 681 1375 Certissime
709 1350 844 1374 errore
871 1339 915 1373 L.
941 1337 1056 1372 rufus
1082 1337 1125 1373 L.
1152 1336 1202 1371 ad
1227 1337 1272 1370 A.
1306 1340 1433 1371 atrem
1451 1336 1495 1370 L.
1515 1335 1683 1375 ducitur,
1705 1338 1810 1370 enim

174 1403 342 1436 mutatio
370 1400 489 1445 hujus
517 1402 607 1445 rufa
632 1398 782 1441 Mich.⁷
808 1400 851 1432 in
868 1400 987 1432 terris
1008 1395 1339 1431 meridionalibus
1358 1395 1528 1441 Europae
1548 1395 1674 1429 multo
1695 1407 1810 1440 quam

175 1465 261 1495 atra
287 1459 491 1505 vulgatior
517 1471 553 1493 v.
582 1458 680 1500 sola,
707 1460 747 1494 in
776 1459 906 1494 Suecz'a
932 1469 1133 1502 numquam
1159 1457 1203 1492 ab
1227 1457 1300 1492 ullo
1326 1459 1475 1500 reperta
1501 1459 1564 1498 est,
1585 1453 1692 1499 quod
1710 1457 1810 1489 satis

177 1530 373 1565 superque
401 1518 466 1553 sit!

388 1589 478 1624 Var.
507 1590 604 1624 {cecis
630 1587 720 1622 mh.:
748 1598 869 1633 supra
894 1586 1182 1621 brunnescenti
1213 1583 1399 1626 flavidus,
1427 1583 1654 1628 efaseiatus,
1681 1584 1811 1618 lateri-

459 1648 534 1682 bus
561 1646 667 1682 infra
691 1646 867 1681 medium
894 1645 1076 1684 fiavfflus,
1113 1644 1277 1690 clypeus
1306 1643 1602 1678 obsoletissime
1629 1643 1812 1689 granulo-

461 1718 530 1742 sus
558 1719 595 1741 v.
621 1708 758 1752 potius
784 1705 905 1749 laevis,
933 1707 1089 1750 postice
1116 1708 1304 1738 truncato
1332 1703 1412 1737 late
1430 1702 1683 1745 rotundatus,
1703 1701 1813 1737 dorsi

461 1777 634 1811 squamae
661 1769 833 1812 anguste
859 1764 1103 1802 lanceolatae,
1132 1765 1321 1807 utrinque
1337 1763 1583 1804 acuminatae,
1612 1761 1813 1805 obsoletae,

464 1826 586 1861 sulcis
618 1825 836 1860 levissimis
865 1823 1082 1869 disjunctae,
1111 1822 1268 1857 levibus
1294 1821 1408 1867 pedis
1434 1826 1664 1856 transverse
1685 1819 1812 1855 fusco-

461 1888 645 1926 striatus;
685 1884 831 1919 animal
866 1886 906 1918 in
947 1885 1091 1928 spiritu
1129 1883 1175 1916 30
1201 1893 1292 1915 mm.
1328 1881 1505 1927 longum.
1534 1901 1576 1905 -
1604 1880 1746 1915 Suecia
1772 1882 1812 1914 in

462 1943 670 1980 Jemtland
697 1943 764 1988 (ad
791 1943 983 1978 Krokom:
1009 1941 1052 1976 E.
1080 1941 1156 1984 N.).

390 2005 480 2040 Var.
505 2007 634 2050 fuscus
659 2003 770 2038 Mull.
797 2002 822 2037 1.
851 2014 892 2036 c.:
926 2012 1068 2046 »supra
1093 1999 1311 2042 rufescens.
1339 1999 1460 2034 dorso
1489 1999 1620 2044 clypei
1647 1999 1675 2032 ἃ
1693 1997 1812 2033 abdo-

462 2066 582 2098 minis
608 2063 764 2097 macula
788 2060 1096 2107 longitudinalis
1124 2058 1245 2098 fusca,
1274 2061 1462 2104 utrinque
1489 2059 1594 2093 linea
1612 2058 1814 2104 nigricans

464 2123 596 2168 clypei
622 2125 792 2164 sinuata,
821 2120 964 2155 subtus
992 2119 1117 2159 albus,
1152 2118 1356 2152 tentacula
1380 2120 1512 2164 nigra3
1538 2117 1646 2163 long.
1673 2117 1694 2151 8
1724 2117 1811 2151 lin.»

461 2182 519 2225 (18
545 2183 649 2223 mm.)
679 2180 790 2215 Mun.
818 2200 863 2204 —
890 2178 1031 2213 Suecia
1057 2177 1195 2212 merid.
1223 2181 1263 2211 et
1288 2176 1418 2211 media
1435 2177 1626 2222 vulgaris,
1646 2180 1815 2221 septem—

461 2240 674 2275 trionalem
713 2249 856 2274 versus
894 2249 1021 2283 usque
1067 2236 1118 2271 ad
1155 2236 1399 2281 Herjedalen
1441 2235 1737 2280 (Tunnasdalen
1776 2240 1816 2270 et

462 2298 734 2340 Midtadalen),
777 2296 980 2333 Jemtland
1017 2296 1196 2339 (Brasta),
1238 2288 1505 2330 Ofver—Lulea
1542 2294 1737 2338 (Savestoj
1777 2299 1817 2329 et

463 2358 588 2393 Lulea
613 2357 840 2403 Lappmark
877 2355 1134 2400 (Qvickjock).
1162 2375 1206 2379 -—
1232 2355 1354 2389 Norv.
1387 2358 1475 2389 tota
1507 2365 1634 2399 usque
1661 2356 1701 2387 in
1729 2353 1816 2388 Ost-

463 2418 685 2452 finmarken
721 2416 771 2451 ad
806 2416 916 2450 Mare
945 2415 1124 2461 glaciale.
1152 2435 1196 2439 —
1223 2414 1352 2448 Dania
1377 2414 1566 2459 vulgaris.
1595 2434 1638 2437 —
1666 2413 1817 2447 Fennia

463 2481 561 2511 tota.
590 2497 633 2501 —
660 2475 819 2510 Animal
844 2487 932 2509 raro
960 2475 1307 2520 quadrifasciatum.

395 2536 484 2572 Var.
523 2538 661 2572 cinctus
698 2535 810 2570 Miill.
839 2534 863 2569 1.
891 2546 935 2569 c.:
979 2534 1151 2568 vsuccini
1190 2532 1336 2567 coloris
1375 2543 1495 2577 supra
1526 2531 1676 2576 absque
1710 2533 1816 2565 omni

466 2595 630 2637 macula,
650 2594 794 2629 subtus
812 2597 923 2628 totus
945 2592 1070 2635 albus,
1093 2592 1259 2637 clypeus
1279 2596 1318 2626 et
1337 2591 1534 2626 abdomen
1553 2590 1672 2625 dorso
1692 2592 1817 2636 striga

467 2657 625 2689 cinerea
657 2656 853 2700 cingitur3
886 2653 994 2698 long.
1021 2653 1042 2686 2
1077 2663 1186 2686 unc.»
1218 2671 1260 2675 —
1287 2651 1398 2686 Mull.
1426 2671 1466 2675 --
1495 2650 1597 2685 Hab.
1625 2661 1713 2684 cun]
1740 2661 1810 2683 var

466 2713 592 2748 fusco.
621 2733 661 2737 —
690 2713 735 2747 L.
761 2712 954 2747 fasciatus
982 2723 1064 2746 var.
1092 2720 1122 2755 ε,
1151 2702 1184 2754 ζ,
1211 2720 1236 2757 η
1262 2710 1384 2746 Nilss.

396 2773 486 2807 Var.
513 2774 698 2809 brumzeus
723 2771 860 2806 Lehm.
888 2770 1024 2814 (Schn.
1051 2783 1088 2805 u.
1121 2770 1278 2805 Musch.
1305 2769 1465 2811 Stettin‚
1503 2767 1628 2811 1873):
1657 2769 1816 2802 semite-

467 2843 542 2873 res⁷
571 2831 790 2866 ochraceus
817 2842 853 2864 v.
881 2829 1034 2869 badius,
1064 2840 1185 2874 supra
1219 2828 1369 2871 fuscus,
1395 2827 1590 2862 lateribus
1617 2825 1813 2871 pallidior,
