1985 3280
227 160 294 194 132
357 162 392 196 G,
420 161 464 195 A.
500 159 741 201 trisesterlmzd,
770 157 952 201 Synopsis
979 157 1241 191 Molluscorum
1270 156 1555 190 Extramarinor.
1584 156 1759 191 Soandiu,

368 279 498 331 Long.
534 278 723 330 60—67,
758 277 830 318 alt.
866 278 921 317 ad
956 276 1072 317 umb.
1109 276 1177 325 35,
1209 277 1264 317 ad
1298 277 1475 317 cristam
1510 276 1578 325 45,
1605 289 1662 317 or.
1692 276 1863 316 17-18

369 363 469 391 min.
536 349 687 402 (West.
721 349 747 391 l.
782 348 838 400 o.)

365 444 487 486 Hah.
540 444 691 486 Sueez'a
739 444 782 483 in
832 442 1039 494 Blekinge
1087 442 1148 497 (in
1200 442 1387 494 Harsjon
1439 454 1576 494 prope
1627 442 1865 495 Ronneby:

225 516 290 567 Hj.
328 516 426 567 W).

223 610 264 653 Α.
300 609 524 655 subluxata
557 610 671 651 Kstr.
707 609 839 664 (Mon.
874 609 918 648 in
953 608 1134 649 Chemn.
1171 608 1275 649 Cal).
1315 607 1463 662 1852).
1521 608 1567 651 C.
1593 608 1865 661 perobliqua,

367 681 730 733 ovato-elongata,
783 680 1127 732 subregulariter
1160 680 1423 729 ventricosa,
1460 679 1731 732 marginibus
1771 679 1867 720 sul)-

367 753 549 802 ohtusis,
585 751 899 801 brunneorufa,
936 751 1151 792 umbones
1185 763 1340 792 versus
1364 764 1536 801 carnea,
1563 752 1728 800 striata,
1749 751 1866 803 rugis

368 825 624 865 inerementi
674 823 936 871 numerosis,
988 822 1130 863 antioe
1174 822 1448 872 brevissima,
1490 827 1687 875 angusta,
1724 827 1867 863 rotun-

368 896 482 945 data,
534 895 702 947 postioe
741 894 871 946 triplo
905 894 1086 946 longior,
1124 898 1266 935 rostro
1300 894 1625 935 inframediano
1663 894 1866 934 subtrun-

367 971 477 1016 cato,
523 979 673 1017 margo
717 966 907 1007 dorsalis
948 966 1150 1006 subreote
1195 965 1453 1015 ascendens,
1491 966 1707 1018 posterior
1739 965 1865 1017 longe

366 1042 571 1090 reeteque
621 1037 907 1086 descendens,
959 1037 1167 1077 ventralis
1215 1037 1489 1087 areuatulus3
1532 1049 1635 1078 area
1674 1037 1863 1078 humilis.

368 1110 497 1161 Long.
535 1109 603 1159 80,
639 1109 710 1150 alt.
746 1108 815 1158 43,
852 1122 911 1149 or.
947 1108 1002 1149 23
1038 1121 1141 1149 mm.

370 1193 489 1235 Hah.
527 1193 680 1235 &neom
712 1193 754 1232 in
790 1192 998 1244 Blekinge
1018 1190 1080 1246 (in
1105 1191 1441 1244 Herrstorpsjon
1465 1204 1601 1244 prope
1625 1192 1865 1245 Ronneby>,

225 1264 575 1305 Sodermanland
627 1263 896 1318 (Drefviken,
948 1263 1248 1316 Tullingesjon
1297 1267 1338 1304 et
1379 1263 1644 1305 Bredviken:
1681 1264 1748 1315 Hj.
1784 1263 1866 1316 W.)

223 1340 264 1376 et
296 1336 339 1376 in
374 1336 566 1377 ll‘liilaren
602 1335 664 1389 (in
703 1335 873 1388 »Tyska
907 1335 1080 1376 botten»
1120 1347 1256 1388 prope
1291 1335 1664 1388 Drottningholm:
1701 1335 1750 1378 V.
1787 1335 1865 1390 L.).

223 1433 280 1436 —
313 1407 464 1450 Danda
486 1409 529 1448 in
554 1407 761 1459 Sjaelland
787 1406 1149 1461 (Kimmerslovso
1175 1419 1311 1459 prope
1332 1407 1554 1460 Ringsted,
1577 1407 1864 1456 Hornbaekso,

225 1479 446 1533 Esromso)
481 1483 522 1520 et
553 1479 726 1532 ,Jylland
765 1479 825 1533 (in
862 1478 1106 1533 Gudenaa).

222 1572 263 1616 Α.
307 1572 521 1630 nycierina
566 1574 724 1627 Bourg.
768 1574 898 1625 (ΜΟΙΙ.
935 1574 1098 1626 Aoeph.
1134 1574 1163 1616 Ι.
1202 1574 1343 1625 1881).
1395 1573 1441 1617 C.
1473 1573 1744 1627 perohliqua,
1780 1574 1866 1615 lan-

365 1646 547 1699 ceolata,
598 1651 665 1687 sat
709 1646 846 1699 firma,
882 1658 1071 1698 superne
1105 1640 1365 1695 ventricosa,
1401 1646 1862 1695 viresoeiiti-olivaoea,

364 1719 507 1758 antiee
556 1718 667 1759 bene
715 1718 964 1767 rotundata,
1007 1719 1175 1770 postioe
1210 1716 1305 1772 21s2
1340 1718 1522 1770 longior,
1559 1722 1700 1758 rostro
1735 1717 1866 1758 infra—

365 1789 582 1839 mediano,
648 1789 898 1833 rotundato.
957 1802 1106 1842 margo
1160 1789 1348 1830 dorsalis
1406 1790 1863 1838 arcuato-ascendens,

364 1861 580 1912 posterior
628 1861 908 1902 subeonoave
958 1861 1152 1908 declivis,
1204 1861 1414 1902 ventralis
1468 1861 1720 1912 subrectus,
1762 1873 1863 1902 area

364 1932 554 1973 humilis.
621 1933 751 1985 Long.
788 1932 856 1981 73,
892 1933 964 1973 alt.
999 1931 1069 1979 43,
1106 1945 1164 1973 or⁴
1201 1932 1257 1972 24
1291 1946 1392 1973 mm.

366 2016 491 2059 Hah.
545 2016 692 2058 Suecz'ct
742 2017 784 2056 in
832 2015 977 2057 Skane
1020 2016 1088 2067 (ad
1124 2016 1437 2057 Kristianstad:
1473 2016 1540 2067 Hj.
1576 2016 1674 2068 W.),
1711 2015 1864 2057 Seder-

223 2086 429 2126 manland
465 2087 668 2140 (Dalbym
706 2088 749 2128 E.
785 2088 850 2140 N.)
885 2092 924 2128 et
947 2080 1254 2140 OstergOtland
1281 2087 1353 2141 (ad
1380 2087 1674 2139 Norrkoping.
1700 2087 1736 2128 J.
1761 2087 1863 2138 w).

221 2182 278 2186 --
319 2158 470 2200 Dama
512 2159 555 2199 in
595 2159 764 2199 Thorso
809 2159 862 2200 ad
908 2159 1138 2211 Silkeborg
1172 2159 1240 2208 (A.
1276 2159 1342 2211 F.)
1377 2164 1417 2200 et
1452 2159 1494 2199 in
1530 2158 1862 2199 Frederiksdals

222 2228 300 2269 Aa.
337 2229 405 2282 (H.
442 2230 513 2282 L.).

222 2323 264 2367 Α.
299 2323 565 2369 westerlundi
600 2325 768 2380 (Fagot)
802 2326 959 2378 Bourg.
996 2325 1124 2378 (Moll.
1161 2325 1325 2377 Aoeph.
1351 2325 1379 2366 I.
1408 2325 1553 2380 1881).
1600 2324 1647 2367 C.
1672 2325 1862 2378 obliqua,

365 2397 567 2449 oblonga,
602 2397 859 2449 regulariter
892 2410 943 2438 ac
977 2397 1148 2438 modice
1172 2397 1431 2446 ventrioosa,
1460 2410 1537 2449 pro
1563 2396 1863 2449 magnitudine

366 2468 519 2518 solida,
571 2468 708 2518 fusca,
759 2481 910 2521 grosse
945 2469 1110 2518 striata,
1146 2469 1289 2509 antice
1323 2469 1488 2518 striata,
1526 2469 1692 2520 postioe
1727 2467 1862 2520 duplo

366 2539 546 2592 longior,
581 2544 723 2581 rostro
758 2540 1093 2590 inframediano,
1128 2540 1380 2589 rotundato,
1405 2553 1554 2592 margo
1579 2539 1766 2580 dorsalis
1791 2540 1862 2579 vix

365 2611 631 2661 curvatulus,
677 2611 933 2661 aseendens,
979 2612 1196 2664 posterior
1238 2616 1444 2652 arcuatus
1488 2616 1529 2652 et
1562 2611 1761 2652 celeriter
1794 2610 1861 2651 de-

366 2682 594 2731 scendens,
647 2683 856 2723 ventralis
901 2683 1160 2735 regulariter
1193 2683 1431 2735 leviterque
1465 2686 1695 2731 curvatus;
1731 2682 1861 2722 orista

366 2758 407 2793 et
450 2766 598 2805 margo
643 2754 802 2794 arealis
837 2754 1019 2795 inferior
1053 2754 1180 2805 nulli;
1217 2754 1501 2807 ligamentum
1536 2754 1859 2795 brevissimum.

367 2825 497 2877 Long.
533 2825 600 2871 66,
636 2825 706 2865 alt.
742 2824 811 2873 40,
847 2838 904 2866 or.
940 2825 991 2865 21
1029 2839 1129 2866 mm.
